<record><leader>00000cas a22000007a 4500</leader><controlfield tag="001">42325808</controlfield><controlfield tag="008">940620c19uu9999waumr ne      0   a0eng c</controlfield><datafield ind1=" " ind2=" " tag="010"><subfield code="a">  2001213642</subfield></datafield><datafield ind1=" " ind2=" " tag="040"><subfield code="a">WaV</subfield><subfield code="b">eng</subfield><subfield code="c">YEP</subfield><subfield code="d">OCL</subfield><subfield code="d">NSD</subfield><subfield code="d">OCLCQ</subfield><subfield code="d">OCLCF</subfield><subfield code="d">OCLCO</subfield></datafield><datafield ind1=" " ind2=" " tag="012"><subfield code="l">1</subfield></datafield><datafield ind1=" " ind2=" " tag="019"><subfield code="a">990751433</subfield><subfield code="a">994507991</subfield></datafield><datafield ind1="1" ind2=" " tag="022"><subfield code="a">1534-2956</subfield><subfield code="l">1534-2956</subfield><subfield code="2">1</subfield></datafield><datafield ind1="1" ind2=" " tag="029"><subfield code="a">AU@</subfield><subfield code="b">000022557023</subfield></datafield><datafield ind1="1" ind2=" " tag="029"><subfield code="a">NZ1</subfield><subfield code="b">16068373</subfield></datafield><datafield ind1=" " ind2=" " tag="037"><subfield code="b">Vancouver Business Journal, 2525 E. 4th Plain Blvd., Vancouver, WA 98661</subfield></datafield><datafield ind1=" " ind2=" " tag="042"><subfield code="a">nsdp</subfield><subfield code="a">pcc</subfield></datafield><datafield ind1=" " ind2=" " tag="043"><subfield code="a">n-us-wa</subfield></datafield><datafield ind1=" " ind2="0" tag="222"><subfield code="a">Vancouver business journal</subfield></datafield><datafield ind1="0" ind2="0" tag="245"><subfield code="a">Vancouver business journal.</subfield></datafield><datafield ind1=" " ind2=" " tag="260"><subfield code="a">Vancouver, WA :</subfield><subfield code="b">Vancouver Business Journal</subfield></datafield><datafield ind1=" " ind2=" " tag="300"><subfield code="a">v. :</subfield><subfield code="b">ill. ;</subfield><subfield code="c">39 cm.</subfield></datafield><datafield ind1=" " ind2=" " tag="310"><subfield code="a">Monthly</subfield></datafield><datafield ind1=" " ind2=" " tag="588"><subfield code="a">Description based on: May 1994; title from caption.</subfield></datafield><datafield ind1=" " ind2="0" tag="651"><subfield code="a">Vancouver (Wash.)</subfield><subfield code="x">Commerce</subfield><subfield code="v">Periodicals.</subfield></datafield><datafield ind1=" " ind2="0" tag="651"><subfield code="a">Clark County (Wash.)</subfield><subfield code="x">Commerce</subfield><subfield code="v">Periodicals.</subfield></datafield><datafield ind1=" " ind2="0" tag="650"><subfield code="a">Business enterprises</subfield><subfield code="z">Washington (State)</subfield><subfield code="z">Vancouver</subfield><subfield code="v">Periodicals.</subfield></datafield><datafield ind1=" " ind2="0" tag="650"><subfield code="a">Business enterprises</subfield><subfield code="z">Washington (State)</subfield><subfield code="z">Clark County</subfield><subfield code="v">Periodicals.</subfield></datafield><datafield ind1=" " ind2="7" tag="655"><subfield code="a">Periodicals.</subfield><subfield code="2">fast</subfield><subfield code="0">(OCoLC)fst01411641</subfield></datafield><datafield ind1=" " ind2="7" tag="650"><subfield code="a">Business enterprises.</subfield><subfield code="2">fast</subfield><subfield code="0">(OCoLC)fst00842519</subfield></datafield><datafield ind1=" " ind2="7" tag="650"><subfield code="a">Commerce.</subfield><subfield code="2">fast</subfield><subfield code="0">(OCoLC)fst00869279</subfield></datafield><datafield ind1=" " ind2="7" tag="651"><subfield code="a">Washington (State)</subfield><subfield code="z">Clark County.</subfield><subfield code="2">fast</subfield><subfield code="0">(OCoLC)fst01221323</subfield></datafield><datafield ind1=" " ind2="7" tag="651"><subfield code="a">Washington (State)</subfield><subfield code="z">Vancouver.</subfield><subfield code="2">fast</subfield><subfield code="0">(OCoLC)fst01206123</subfield></datafield></record>